@article{kalantar2024experiments,
  title={{Experiments at the Interface of Nuclear, Atomic, and Hadron Physics with FRS at GSI and Super-FRS at FAIR}}
  author={Kalantar-Nayestanaki, Nasser and Scheidenberger, Christoph},
  journal={Nuclear Physics News},
  volume={34},
  number={2},
  pages={21--26},
  year={2024},
  publisher={Taylor \& Francis}
}

@article{leifels2025status,
  title={{Status and physics perspectives of FAIR}},
  author={Leifels, Y},
  journal={IL NUOVO CIMENTO},
  volume={100},
  number={59},
  pages={48},
  year={2025}
}

