@article{kalantar2024experiments,
  title={{Experiments at the Interface of Nuclear, Atomic, and Hadron Physics with FRS at GSI and Super-FRS at FAIR}}
  author={Kalantar-Nayestanaki, Nasser and Scheidenberger, Christoph},
  journal={Nuclear Physics News},
  volume={34},
  number={2},
  pages={21--26},
  year={2024},
  publisher={Taylor \& Francis}
}

@article{leifels2025status,
  title={{Status and physics perspectives of FAIR}},
  author={Leifels, Y},
  journal={IL NUOVO CIMENTO},
  volume={100},
  number={59},
  pages={48},
  year={2025}
}
@article{cortina2014califa,
  title={{CALIFA, a Dedicated Calorimeter for the R3B/FAIR}},
  author={Cortina-Gil, D and Alvarez-Pol, H and Aumann, T and Avdeichikov, V and Bendel, M and Benlliure, J and Bertini, D and Bezbakh, A and Bloch, T and B{\"o}hmer, M and others},
  journal={Nuclear Data Sheets},
  volume={120},
  pages={99--101},
  year={2014},
  publisher={Elsevier}
}
@article{alvarez2014performance,
  title={{Performance analysis for the CALIFA Barrel calorimeter of the R3B experiment}},
  author={Alvarez-Pol, H and Ashwood, N and Aumann, T and Bertini, D and Cabanelas, P and Casarejos, E and Cederkall, J and Cortina-Gil, D and Fern{\'a}ndez, P D{\'\i}az and Dur{\'a}n, Ignacio and others},
  journal={Nuclear Instruments and Methods in Physics Research Section A: Accelerators, Spectrometers, Detectors and Associated Equipment},
  volume={767},
  pages={453--466},
  year={2014},
  publisher={Elsevier}
}
@inproceedings{bertini2011r3broot,
  title={{R3BRoot, simulation and analysis framework for the R3B experiment at FAIR}},
  author={Bertini, Denis},
  booktitle={Journal of Physics: Conference Series},
  volume={331},
  number={3},
  pages={032036},
  year={2011},
  organization={IOP Publishing}
}
@article{virtanen2020scipy,
  title={{SciPy 1.0: fundamental algorithms for scientific computing in Python}},
  author={Virtanen, Pauli and Gommers, Ralf and Oliphant, Travis E and Haberland, Matt and Reddy, Tyler and Cournapeau, David and Burovski, Evgeni and Peterson, Pearu and Weckesser, Warren and Bright, Jonathan and others},
  journal={Nature methods},
  volume={17},
  number={3},
  pages={261--272},
  year={2020},
  publisher={Nature Publishing Group US New York}
}
@article{ledigital,
  title={{A Digital Readout for CALIFA}},
  author={Le Bleis, T and Bendel, M and Gernh{\"a}user, R and Henning, W and Klenze, P and Kr{\"u}cken, R and Winkel, M}
}
@misc{seltzer2010xcom,
  author       = {Stephen Seltzer},
  title        = {{XCOM-Photon Cross Sections Database, NIST Standard Reference Database 8}},
  year         = {2010},
  howpublished = {\url{http://www.nist.gov/pml/data/xcom/index.cfm}},
  note         = {Accessed: 2025-04-10}
}
@phdthesis{klenze2024gamma,
  title={Gamma detection with CALIFA},
  author={Klenze, Philipp},
  year={2024},
  school={Technische Universit{\"a}t M{\"u}nchen}
}
@article{klein1929streuung,
  title={{{\"U}ber die Streuung von Strahlung durch freie Elektronen nach der neuen relativistischen Quantendynamik von Dirac}},
  author={Klein, Oskar and Nishina, Yoshio},
  journal={Zeitschrift f{\"u}r Physik},
  volume={52},
  number={11},
  pages={853--868},
  year={1929},
  publisher={Springer}
}

